
@article{mccluskey_pylj:_2018,
	title = {pylj: {A} teaching tool for classical atomistic simulation},
	volume = {1},
	url = {https://doi.org/10.21105/jose.00019},
	doi = {10.21105/jose.00019},
	number = {2},
	journal = {J. Open Source Educ.},
	author = {McCluskey, A. R. and Morgan, B. J. and Edler, K. J. and Parker, S. C.},
	year = {2018},
	pages = {19},
	file = {R. McCluskey et al. - 2018 - pylj A teaching tool for classical atomistic simu.pdf:/Users/andrew/Zotero/storage/9Q2WJXRG/R. McCluskey et al. - 2018 - pylj A teaching tool for classical atomistic simu.pdf:application/pdf;R. McCluskey et al. - 2018 - pylj A teaching tool for classical atomistic simu.pdf:/Users/andrew/Zotero/storage/5EDK852X/R. McCluskey et al. - 2018 - pylj A teaching tool for classical atomistic simu.pdf:application/pdf}
}

@article{perkins_atomistic_2016,
	title = {Atomistic modelling of scattering data in the {Collaborative} {Computational} {Project} for {Small} {Angle} {Scattering} ({CCP}-{SAS})},
	volume = {49},
	url = {https://doi.org/10.1107/S160057671601517X},
	doi = {10.1107/S160057671601517X},
	number = {6},
	journal = {J. Appl. Crystallogr.},
	author = {Perkins, S. J. and Wright, D. W. and Zhang, H. and Brookes, E. H. and Chen, J. and Irving, T. C. and Krueger, S. and Barlow, D. J. and Edler, K. J. and Scott, D. J. and Terrill, N. J. and King, S. M. and Butler, P. D. and Curtis, J. E},
	year = {2016},
	pages = {1861--1875},
	file = {Perkins et al. - 2016 - Atomistic modelling of scattering data in the Coll.pdf:/Users/andrew/Zotero/storage/T8QFJLJ6/Perkins et al. - 2016 - Atomistic modelling of scattering data in the Coll.pdf:application/pdf}
}

@article{watson_rapid_2013,
	title = {Rapid and accurate calculation of small-angle scattering profiles using the golden ratio},
	volume = {46},
	url = {https://doi.org/10.1107/S002188981301666X},
	doi = {10.1107/S002188981301666X},
	number = {4},
	journal = {J. Appl. Crystallogr.},
	author = {Watson, M. C. and Curtis, J. E.},
	year = {2013},
	pages = {1171--1177},
	file = {Watson and Curtis - 2013 - Rapid and accurate calculation of small-angle scat.pdf:/Users/andrew/Zotero/storage/3Q7CYBIR/Watson and Curtis - 2013 - Rapid and accurate calculation of small-angle scat.pdf:application/pdf}
}

@article{lennard-jones_determination_1924,
	title = {On the {Determination} of {Molecular} {Fields}. {II}. {From} the {Equation} of {State} of a {Gas}},
	volume = {106},
	url = {https://doi.org/10.1098/rspa.1924.0082},
	doi = {10.1098/rspa.1924.0082},
	number = {738},
	journal = {Proc. Royal Soc. Lond. A.},
	author = {Lennard-Jones, J. E.},
	year = {1924},
	pages = {463--477},
	file = {Jones - 1924 - On the Determination of Molecular Fields. II. From.pdf:/Users/andrew/Zotero/storage/64EQPEE2/Jones - 1924 - On the Determination of Molecular Fields. II. From.pdf:application/pdf}
}

@article{kluyver_jupyter_2016,
	title = {Jupyter {Notebooks}-a publishing format for reproducible computational workflows},
	url = {https://doi.org/10.3233/978-1-61499-649-1-87},
	doi = {10.3233/978-1-61499-649-1-87},
	journal = {Positioning and Power in Academic Publishing: Players, Agents and Agendas},
	author = {Kluyver, T. and Ragan-Kelley, B. and Pérez, F. and Granger, B. and Bussonnier, M. and Frederic, J and Kelley, K. and Hamrick, J. and Grout, J. and Corlay, S. and Ivanov, P. and Avila, D. and Abdalla, S. and Willing, C.},
	year = {2016},
	pages = {87--90},
	file = {Thomas et al. - 2016 - Jupyter Notebooks &ndash\; a publishing format for .pdf:/Users/andrew/Zotero/storage/H6YQJ73Z/Thomas et al. - 2016 - Jupyter Notebooks &ndash\; a publishing format for .pdf:application/pdf}
}

@article{hub_interpreting_2018,
	title = {Interpreting solution {X}-ray scattering data using molecular simulations},
	volume = {49},
	url = {https://doi.org/10.1016/j.sbi.2017.11.002},
	doi = {10.1016/j.sbi.2017.11.002},
	journal = {Curr. Opin. Struct. Biol.},
	author = {Hub, J. S.},
	year = {2018},
	pages = {18--26},
	file = {Hub - 2018 - Interpreting solution X-ray scattering data using .pdf:/Users/andrew/Zotero/storage/KFSDTN9C/Hub - 2018 - Interpreting solution X-ray scattering data using .pdf:application/pdf}
}

@article{pan_molecular_2012,
	title = {Molecular structures of fluid phase phosphatidylglycerol bilayers as determined by small angle neutron and {X}-ray scattering},
	volume = {1818},
	url = {https://doi.org/10.1016/j.bbamem.2012.05.007},
	doi = {10.1016/j.bbamem.2012.05.007},
	number = {9},
	journal = {BBA - Biomembranes},
	author = {Pan, J. and Heberle, F. A. and Tristram-Nagle, S. and Szymanski, M. and Koepfinger, M. and Katsaras, J. and Kučerka, N},
	year = {2012},
	pages = {2135--2148},
	file = {Pan et al. - 2012 - Molecular structures of fluid phase phosphatidylgl.pdf:/Users/andrew/Zotero/storage/H5GEWCYY/Pan et al. - 2012 - Molecular structures of fluid phase phosphatidylgl.pdf:application/pdf}
}

@article{chen_validating_2014,
	title = {Validating {Solution} {Ensembles} from {Molecular} {Dynamics} {Simulation} by {Wide}-{Angle} {X}-ray {Scattering} {Data}},
	volume = {107},
	url = {https://doi.org/10.1016/j.bpj.2014.06.006},
	doi = {10.1016/j.bpj.2014.06.006},
	number = {2},
	journal = {Biophys. J.},
	author = {Chen, P.-c. and Hub, J. S.},
	year = {2014},
	pages = {435--447},
	file = {Chen and Hub - 2014 - Validating Solution Ensembles from Molecular Dynam.pdf:/Users/andrew/Zotero/storage/JUSXZ8J3/Chen and Hub - 2014 - Validating Solution Ensembles from Molecular Dynam.pdf:application/pdf}
}

@article{east_structural_2016,
	title = {Structural {Basis} of {Pullulanase} {Membrane} {Binding} and {Secretion} {Revealed} by {X}-{Ray} {Crystallography}, {Molecular} {Dynamics} and {Biochemical} {Analysis}},
	volume = {24},
	url = {https://doi.org/10.1016/j.str.2015.10.023},
	doi = {10.1016/j.str.2015.10.023},
	number = {1},
	journal = {Structure},
	author = {East, A. and Mechaly, A. E. and Huysmans, G. H. M. and Bernarde, C. and Tello-Manigne, D. and Nadeau, N. and Pugsley, A. P. and Buschiazzo, A. and Alzari, P. M. and Bond, P. J. and Francetic, O.},
	year = {2016},
	pages = {92--104},
	file = {East et al. - 2016 - Structural Basis of Pullulanase Membrane Binding a.pdf:/Users/andrew/Zotero/storage/EATRJXMN/East et al. - 2016 - Structural Basis of Pullulanase Membrane Binding a.pdf:application/pdf}
}

@article{wall_conformational_2014,
	title = {Conformational dynamics of a crystalline protein from microsecond-scale molecular dynamics simulations and diffuse {X}-ray scattering},
	volume = {111},
	url = {https://doi.org/10.1073/pnas.1416744111},
	doi = {10.1073/pnas.1416744111},
	number = {50},
	journal = {Proc. Natl. Acad. Sci. U.S.A},
	author = {Wall, M. E. and van Benschoten, A. H. and Sauter, N. K. and Adams, P. D. and Fraser, J. S. and Terwilliger, T. C.},
	year = {2014},
	pages = {17887--17892},
	file = {Wall et al. - 2014 - Conformational dynamics of a crystalline protein f.pdf:/Users/andrew/Zotero/storage/W4LFDIS5/Wall et al. - 2014 - Conformational dynamics of a crystalline protein f.pdf:application/pdf}
}

@article{wall_internal_2018,
	title = {Internal protein motions in molecular-dynamics simulations of {Bragg} and diffuse {X}-ray scattering},
	volume = {5},
	url = {https://doi.org/10.1107/S2052252518000519},
	doi = {10.1107/S2052252518000519},
	number = {2},
	journal = {IUCrJ},
	author = {Wall, M. E.},
	year = {2018},
	pages = {172--181},
	file = {Wall - 2018 - Internal protein motions in molecular-dynamics sim.pdf:/Users/andrew/Zotero/storage/98K66WRM/Wall - 2018 - Internal protein motions in molecular-dynamics sim.pdf:application/pdf}
}

@article{knight_waxsis:_2015,
	title = {{WAXSiS}: a web server for the calculation of {SAXS}/{WAXS} curves based on explicit-solvent molecular dynamics},
	volume = {43},
	url = {https://doi.org/10.1093/nar/gkv309},
	doi = {10.1093/nar/gkv309},
	number = {W1},
	journal = {Nucleic Acids Res.},
	author = {Knight, C. J. and Hub, J. S.},
	year = {2015},
	pages = {W225--W230},
	file = {Knight and Hub - 2015 - WAXSiS a web server for the calculation of SAXSW.pdf:/Users/andrew/Zotero/storage/2HDRULHN/Knight and Hub - 2015 - WAXSiS a web server for the calculation of SAXSW.pdf:application/pdf}
}

@article{ivanovic_temperature-dependent_2018,
	title = {Temperature-{Dependent} {Atomic} {Models} of {Detergent} {Micelles} {Refined} against {Small}-{Angle} {X}-{Ray} {Scattering} {Data}},
	volume = {57},
	url = {https://doi.org/10.1002/anie.201713303},
	doi = {10.1002/anie.201713303},
	number = {20},
	journal = {Angew. Chemie Int. Ed.},
	author = {Ivanović, M. T. and Bruetzel, L. K. and Lipfert, J. and Hub, J. S.},
	year = {2018},
	pages = {5635--5639},
	file = {Ivanović et al. - 2018 - Temperature-Dependent Atomic Models of Detergent M.pdf:/Users/andrew/Zotero/storage/73Y9GYBE/Ivanović et al. - 2018 - Temperature-Dependent Atomic Models of Detergent M.pdf:application/pdf}
}

@article{boldon_review_2015,
	title = {Review of the fundamental theories behind small angle {X}-ray scattering, molecular dynamics simulations, and relevant integrated application},
	volume = {6},
	url = {https://doi.org/10.3402/nano.v6.25661},
	doi = {10.3402/nano.v6.25661},
	number = {1},
	journal = {Nano Rev.},
	author = {Boldon, L. and Laliberte, F. and Liu, L.},
	year = {2015},
	pages = {25661},
	file = {Boldon et al. - 2015 - Review of the fundamental theories behind small an.pdf:/Users/andrew/Zotero/storage/D4NIJZCM/Boldon et al. - 2015 - Review of the fundamental theories behind small an.pdf:application/pdf}
}

@article{satoh_multiple_2015,
	title = {Multiple binding modes of a small molecule to human {Keap}1 revealed by {X}-ray crystallography and molecular dynamics simulation},
	volume = {5},
	url = {https://doi.org/10.1016/j.fob.2015.06.011},
	doi = {10.1016/j.fob.2015.06.011},
	number = {1},
	journal = {FEBS Open Bio.},
	author = {Satoh, M. and Saburi, H. and Tanaka, T. and Matsuura, Y. and Naitow, H and Shimozono, R. and Yamamoto, N. and Inoue, H. and Nakamura, N. and Yoshizawa, Y. and Aoki, T. and Tanimura, R. and Kunishima, N.},
	year = {2015},
	pages = {557--570},
	file = {Satoh et al. - 2015 - Multiple binding modes of a small molecule to huma.pdf:/Users/andrew/Zotero/storage/5PLBVBL3/Satoh et al. - 2015 - Multiple binding modes of a small molecule to huma.pdf:application/pdf}
}

@article{svergun_solution_1994,
	title = {Solution scattering from biopolymers: advanced contrast-variation data analysis},
	volume = {50},
	url = {https://doi.org/10.1107/S0108767393013492},
	doi = {10.1107/S0108767393013492},
	number = {3},
	journal = {Acta Crystallogr. A},
	author = {Svergun, D. I.},
	year = {1994},
	pages = {391--402},
	file = {Svergun - 1994 - Solution scattering from biopolymers advanced con.pdf:/Users/andrew/Zotero/storage/HRRCE4YQ/Svergun - 1994 - Solution scattering from biopolymers advanced con.pdf:application/pdf}
}

@article{swope_computer_1982,
	title = {A computer simulation method for the calculation of equilibrium constants for the formation of physical clusters of molecules: {Application} to small water clusters},
	volume = {76},
	url = {https://doi.org/10.1063/1.442716},
	doi = {10.1063/1.442716},
	number = {1},
	journal = {J. Chem. Phys.},
	author = {Swope, W. C. and Andersen, H. C. and Berens, P. H. and Wilson, K. R.},
	year = {1982},
	pages = {637--649},
	file = {Swope et al. - 1982 - A computer simulation method for the calculation o.pdf:/Users/andrew/Zotero/storage/26CZIRFB/Swope et al. - 1982 - A computer simulation method for the calculation o.pdf:application/pdf}
}

@article{buckingham_classical_1938,
	title = {The classical equation of state of gaseous helium, neon and argon},
	volume = {168},
	url = {https://doi.org/10.1098/rspa.1938.0173},
	doi = {10.1098/rspa.1938.0173},
	number = {933},
	journal = {Proc. Royal Soc. Lond. A.},
	author = {Buckingham, R. A.},
	year = {1938},
	pages = {264--283},
	file = {1938 - The classical equation of state of gaseous helium,.pdf:/Users/andrew/Zotero/storage/XF8BNT32/1938 - The classical equation of state of gaseous helium,.pdf:application/pdf}
}

@article{debye_zerstreuung_1915,
	title = {Zerstreuung von {Röntgenstrahlen}},
	volume = {351},
	url = {https://doi.org/10.1002/andp.19153510606},
	doi = {10.1002/andp.19153510606},
	number = {6},
	journal = {Ann. Phys.},
	author = {Debye, P.},
	year = {1915},
	pages = {809--823}
}

@misc{wiley_open_2018,
	title = {Open content - definition},
	url = {http://opencontent.org/definition},
	urldate = {2018-11-19},
	author = {Wiley, D.},
	year = {2018}
}

@misc{barba_cybertraining:_2017,
	title = {{CyberTraining}: {DSE}--{The} {Code} {Maker}: {Computational} {Thinking} for {Engineers} with {Interactive} {Contextual} {Learning}},
	url = {https://doi.org/10.6084/m9.figshare.5662051.v1},
	author = {Barba, L. A. and Wickenheiser, A. and Watkins, R.},
	year = {2017}
}

@misc{noauthor_creative_2019,
	title = {Creative {Commons} {Attribution}-{Sharealike} 4.0 {International} -- {CC} {BY}-{SA} 4.0},
	url = {https://creativecommons.org/licenses/by-sa/4.0/},
	year = {2019}
}

@misc{betteridge_jupyter_tutorial_2019,
	title = {Jupyter\_tutorial},
	url = {https://doi.org/10.5281/zenodo.xxxxxxx},
	author = {Betteridge, J. and Grant, J.},
	year = {2019}
}