@article{Pan2012,
author = "J. Pan and F. A.Heberle and S. Tristram-Nagle and M. Szymanski and M. Koepfinger and J. Katsaras and N. Ku\v{c}erka",
journal = "BBA - Biomembranes",
year = "2012",
volume = "1818",
issue = "9",
pages = "2135-2148",
doi = "10.1016/j.bbamem.2012.05.007"
}

@article{Boldon2015,
author = "L. Boldon and F. Laliberte and L. Liu",
journal = "Nano Rev.",
year = "2015",
volume = "6",
issue = "1",
pages = "25661",
doi = "10.3402/nano.v6.25661"
}

@article{Hub2018,
author = "J. Hub",
journal = "Curr. Opin. Struct. Biol.",
year = "2018",
volume = "49",
pages = "18-36",
doi = "10.1016/j.sbi.2017.11.002"
}

@article{Ivanovic2018,
author = "M. T. Ivanovi\'{c} and L. K. Bruetzel and J. Lipfert and J. S. Hub",
journal = "Ange. Chem. Int. Ed.",
year = "2018",
volume = "57",
pages = "5635-5639",
doi = "10.1002/anie.201713303"
}

@article{East2016,
author = "A. East and A. E. Mechaly and G. H. M. Huysmans and C. Bernarde and D. Tello-Manigne and N. Nadeau and A. P. Pugsley and A. Buschiazzo and P. M. Alzari and P. J. Bond and O. Francetic",
journal = "Structure",
year = "2016",
volume = "24",
issue = "1",
pages = "92-104",
doi = "10.1016/j.str.2015.10.023"
}

@article{Wall2018,
author = "M. E. Wall",
journal = "IUCrJ",
year = "2018",
volume = "5",
pages = "172-181",
doi = "10.1107/S2052252518000519"
}

@article{Wall2014,
author = "M. E. Wall and A. H. van Benschoten and N. K. Sauter and P. D. Adams and J. S. Fraser and T. C. Terwilliger",
journal = "PNAS",
year = "2014",
volume = "111",
issue = "50",
pages = "17887-17892",
doi = "10.1073/pnas.1416744111"
}

@article{Satoh2015,
author = "M. Satoh and H. Saburi and T. Tanaka and Y. Matsuura and H. Naitow and R. Shimozono and N. Yamamoto and H. Inoue and N. Nakamura and Y. Yoshizawa and T. Aoki and R. Tanimura and N. Kunishma",
journal = "FEBS Open Bio",
year = "2015",
volume = "5",
pages = "557-570",
doi = "10.1016/j.fob.2015.06.011"
}

@article{Perkins2016,
author = "S. J. Perkins and D. W. Wright and H. Zhang and E. Brookes and J. Chen and T. C. Irving and S. Krueger and D. J. Barlow and K. J. Edler and D. J. Scott and N. J. Terrill and S. M. King and P. D. Butler and J. E. Curtis",
journal = "J. Appl. Crystallogr.",
year = "2016",
volume = "49",
pages = "1861-1875",
doi = "10.1107/S160057671601517X"
}

@article{Chen2014,
author = "P.-C. Chen and J. S. Hub",
journal = "Biophys. J.",
year = "2014",
volume = "107",
pages = "435-447",
doi = "10.1016/j.bpj.2014.06.006"
}

@article{Knight2015,
author = "C. J. Knight and J. S. Hub",
journal = "Nucleic Acids Res.",
year = "2015",
volume = "43",
pages = "W225-W230",
doi = "10.1093/nar/gkv309"
}

@article{McCluskey2018,
author = "A. R. McCluskey and B. J. Morgan and K. J. Edler and S. C. Parker",
journal = "JOSE",
year = "2018",
volume = "1",
pages = "19",
doi = "10.21105/jose.00019"
}

@article{Debye1915,
author = "P. J. W. Debye",
journal = "Ann. Phys.",
year = "1915",
volume = "351",
pages = "809-823",
doi = "10.1002/andp.19153510606"
}

@article{LennardJones1924,
author = "J. E. Lennard-Jones",
journal = "Proc. R. Soc. Lond. A",
year = "1924",
volume = "106",
pages = "463-477",
doi = "10.1098/rspa.1924.0082"
}

@article{Buckingham1938,
author = "R. A. Buckingham",
journal = "Proc. R. Soc. Lond. A",
year = "1938",
volume = "168",
pages = "264-283",
doi = "10.1098/rspa.1938.0173"
}

@article{Swope1982,
author = "W. C. Swope and H. C. Andersen and P. H. Berens and K. R. Wilson",
journal = "J. Chem. Phys.",
year = "1982",
volume = "76",
pages = "648 (Appendix)",
doi = "10.1063/1.442716"
}

@article{Svergun1994,
author = "D. I. Svergun",
journal = "Acta. Cryst.",
year = "1994",
volume = "A50",
pages = "391-402",
doi = "10.1107/S0108767393013492"
}

@article{Watson2013,
author = "M. C. Watson and J. E. Curtis",
journal = "J. Appl. Crystallogr.",
year = "2013",
volume = "46",
pages = "1171-1177",
doi = "10.1107/S002188981301666X"
}

@conference{Kluyver2016,
author = "T. Kluyver and B. Ragan-Kelley and F. P\'{e}rez and B. Granger and M. Bussonnier and J. Frederic and K. Kelley and J. Hamrick and J. Grout and S. Corlay and P. Ivanov and D. Avila and S. Abdalla and C. Willing",
Booktitle = "Positioning and Power in Academic Publishing: Players, Agents and Agendas",
Editor = "F. Loizides and B. Schmidt",
Organization = "IOS Press",
Pages = "87-90",
Title = "Jupyter Notebooks -- a publishing format for reproducible computational workflows",
Year = "2016"
}

@misc{opencontent2018,
author = "D. Wiley",
year = "2018",
title = "Open Content - Definition",
howpublished = "\url{http://opencontent.org/definition/}",
note = "This material was created by David Wiley and published freely under a Creative Commons Attribution 4.0 license at http://opencontent.org/definition/. Accessed: 2018-11-19"
}

@misc{Barba2017,
author = "L. A. Barba and A. Wickenheiser and R. Watkins",
title = "{CyberTraining: DSEâ€”The Code Maker: Computational Thinking for Engineers with Interactive, Contextual Learning}",
year = "2017",
howpublished = "\url{https://doi.org/10.6084/m9.figshare.5662051.v1}"
}

@misc{CCBYSA4,
author = "Creative Commons",
title = "Creative Commons -- Attribution-ShareAlike 4.0 International -- CC-BY-SA 4.0",
year = "2019",
howpublished = "\url{https://creativecommons.org/licenses/by-sa/4.0/}"
}
